% Encoding: UTF-8


@InCollection{Agarwal2015PatnaInBook,
  title = {Patna},
  author = {Agarwal, A.},
  chapter = {77},

  crossref = {MATSimBook},
  owner = {jfriese},
  timestamp = {2016.03.29}
}

@InCollection{ArmasAguirre2015QuitoMetropolitanDistrictInBook,
  title = {Quito Metropolitan District},
  author = {Armas, R. and Aguirre, H.},
  chapter = {80},

  crossref = {MATSimBook},
  owner = {jfriese},
  timestamp = {2016.03.29}
}

@InCollection{Balmer2015WagonSimInBook,
  title = {WagonSim},
  author = {Balmer, M.},
  chapter = {25},

  crossref = {MATSimBook},
  owner = {jfriese},
  timestamp = {2016.03.22}
}

@InCollection{Bischoff2015StockholmInBook,
  title = {Stockholm},
  author = {Bischoff, J.},
  chapter = {89},

  crossref = {MATSimBook},
  owner = {jfriese},
  timestamp = {2016.03.29}
}

@InCollection{BischoffGrether2015CottbusTrafficSignalSimulationInBook,
  title = {Cottbus: Traffic Signal Simulation},
  author = {Bischoff, J. and Grether, D.},
  chapter = {66},

  crossref = {MATSimBook},
  owner = {jfriese},
  timestamp = {2016.03.29}
}

@InCollection{BoumannLovric2015RotterdamPublicTransportationSmartCardInBook,
  title = {Rotterdam: Revenue Management in Public Transportation with Smart-Card Data Enabled Agent-Based Simulations},
  author = {Bouman, P. and Lovric, M.},
  chapter = {81},

  crossref = {MATSimBook},
  owner = {jfriese},
  timestamp = {2016.03.29}
}

@InCollection{Chakirov2015SiouxFallsInBook,
  title = {Sioux {F}alls},
  author = {Chakirov, A.},
  chapter = {59},

  crossref = {MATSimBook},
  owner = {jfriese},
  timestamp = {2016.03.29}
}

@InCollection{CiariBalac2015CarSharingInBook,
  title = {Car Sharing},
  author = {Ciari, F. and Balac M.},
  chapter = {22},

  crossref = {MATSimBook},
  owner = {jfriese},
  timestamp = {2016.03.17}
}

@InCollection{Dobler2015NewYorkCityInBook,
  title = {New {Y}ork {C}ity},
  author = {Dobler, C.},
  chapter = {75},

  crossref = {MATSimBook},
  owner = {jfriese},
  timestamp = {2016.03.29}
}

@InCollection{Dobler2015TelAvivInBook,
  title = {Tel Aviv},
  author = {Dobler, C.},
  chapter = {91},

  crossref = {MATSimBook},
  owner = {jfriese},
  timestamp = {2016.03.31}
}

@InCollection{DoblerLaemmel2015MultiModalContributionInBook,
  title = {The Multi-Modal Contribution},
  author = {Dobler, C. and L{\"a}mmel, G.},
  chapter = {21},

  crossref = {MATSimBook},
  owner = {jfriese},
  timestamp = {2016.03.17}
}

@InCollection{DoblerNagel2015WithinDayReplanningInBook,
  title = {Within-Day Replanning},
  author = {Dobler, C. and Nagel, K.},
  chapter = {30},

  crossref = {MATSimBook},
  owner = {jfriese},
  timestamp = {2016.03.22}
}

@InCollection{Dubernet2015JointDecisionsInBook,
  title = {Joint Decisions},
  author = {Dubernet, T.},
  chapter = {28},

  crossref = {MATSimBook},
  owner = {jfriese},
  timestamp = {2016.03.22}
}

@InCollection{ErathChakirov2015SingaporeInBook,
  title = {Singapore},
  author = {Erath, A. and Chakirov, A.},
  chapter = {57},

  crossref = {MATSimBook},
  owner = {jfriese},
  timestamp = {2016.03.29}
}

@InCollection{Floetteroed2015MatsimMonteCarloEngineInBook,
  title = {MATSim as a Monte-Carlo Engine},
  author = {Fl{\"o}tter{\"o}d, G.},
  chapter = {48},

  crossref = {MATSimBook},
  owner = {jfriese},
  timestamp = {2016.03.24}
}

@InCollection{Floetteroed2015QueueingRepresentationKinematicWavesInBook,
  title = {Queueing Representation of Kinematic Waves},
  author = {Fl{\"o}tter{\"o}d, G.},
  chapter = {50},

  crossref = {MATSimBook},
  owner = {jfriese},
  timestamp = {2016.03.24}
}

@InCollection{FloetteroedKickhoefer2015ChoiceModels,
  title = {Choice Models in {MATS}im},
  author = {Fl{\"o}tter{\"o}d, G. and Kickh{\"o}fer, B.},
  chapter = {49},

  crossref = {MATSimBook},
  owner = {benjamin},
  timestamp = {2015.05.26}
}

@InCollection{FluegelKernBockemuehl2015TrondheimInBook,
  title = {Trondheim},
  author = {Fl{\"u}gel, S. and Kern, J. and Bockem{\"u}hl, F.},
  chapter = {94},

  crossref = {MATSimBook},
  owner = {jfriese},
  timestamp = {2016.03.31}
}

@InCollection{Fourie2015PSimInBook,
  title = {Multi-Modeling in MATSim: PSim},
  author = {Fourie, P.},
  chapter = {39},

  crossref = {MATSimBook},
  owner = {jfriese},
  timestamp = {2016.03.24}
}

@InCollection{FukudaEtAl2015TokyoSimulatingVehicleNavigationsImpactTravelTimeReliabilityInBook,
  title = {Tokyo: Simulating Hyperpath-Based Vehicle Navigations and its Impact on Travel Time Reliability},
  author = {Fukuda, D. and Ma, J. and Yamada, K. and Shinkai, N.},
  chapter = {92},

  crossref = {MATSimBook},
  owner = {jfriese},
  timestamp = {2016.03.31}
}

@InCollection{Grether2015EuropeanAirAndRailTransportInBook,
  title = {European Air- and Rail-Transport},
  author = {Grether, D.},
  chapter = {68},

  crossref = {MATSimBook},
  owner = {jfriese},
  timestamp = {2016.03.29}
}

@InCollection{GretherThunig2015TrafficSignalsLanesInBook,
  title = {Traffic Signals and Lanes},
  author = {Grether, D. and Thunig, T.},
  chapter = {12},

  crossref = {MATSimBook},
  owner = {jfriese},
  timestamp = {2016.03.17}
}

@InCollection{GuggisbergBicudoBerkenbrock2015JoinvilleInBook,
  title = {Joinville},
  author = {Guggisberg Bicudo, D. and Berkenbrock, G. R.},
  chapter = {72},

  crossref = {MATSimBook},
  owner = {jfriese},
  timestamp = {2016.03.29}
}

@InCollection{GurrumPinjariStuart2015TampaFloridaUrbanTravelNetworkPerformanceInBook,
  title = {Tampa, Florida: High-Resolution Simulation of Urban Travel and Network Performance for Estimating Mobile Source Emissions},
  author = {Gurram, S. and Pinjari, A. R. and Stuart, A. L.},
  chapter = {90},

  crossref = {MATSimBook},
  owner = {jfriese},
  timestamp = {2016.03.29}
}

@InCollection{HernandezNavarro2015CaracasInBook,
  title = {Caracas},
  author = {Hern{\'a}ndez, B. W. J. and Navarro, U. H. E.},
  chapter = {65},

  crossref = {MATSimBook},
  owner = {jfriese},
  timestamp = {2016.03.29}
}

@InCollection{HorniBalmer2015SwitzerlandInBook,
  title = {Switzerland},
  author = {Horni, A. and Balmer, M.},
  chapter = {55},

  crossref = {MATSimBook},
  owner = {jfriese},
  timestamp = {2016.03.24}
}

@InCollection{HorniNagel2015AvailableFunctionalityInBook,
  title = {Available Functionality and How to Use It},
  author = {Horni, A. and Nagel, K.},
  chapter = {5},

  crossref = {MATSimBook},
  owner = {jfriese},
  timestamp = {2016.03.15}
}

@InCollection{HorniNagel2015ConfiguringInBook,
  title = {More About Configuring {MATS}im},
  author = {Horni, A. and Nagel, K.},
  chapter = {4},

  crossref = {MATSimBook},
  owner = {jfriese},
  timestamp = {2016.03.15}
}

@InCollection{HorniNagelAxhausen2015DestinationInnovationInBook,
  title = {Destination Innovation},
  author = {Horni, A. and Nagel, K. and Axhausen, K. W.},
  chapter = {27},

  crossref = {MATSimBook},
  owner = {jfriese},
  timestamp = {2016.03.22}
}

@InCollection{HorniEtAl2015Introduction,
  title = {Introducing {MATS}im},
  author = {Horni, A. and Nagel, K. and Axhausen, K. W.},
  chapter = {1},

  crossref = {MATSimBook}
}

@InCollection{Illenberger2015GermanyInBook,
  title = {Germany},
  author = {Illenberger, J.},
  chapter = {70},

  crossref = {MATSimBook},
  owner = {jfriese},
  timestamp = {2016.03.29}
}

@InCollection{Joubert2015GautengInBook,
  title = {Gauteng},
  author = {Joubert, J. W.},
  chapter = {69},

  crossref = {MATSimBook},
  owner = {jfriese},
  timestamp = {2016.03.29}
}

@InCollection{Joubert2015NelsonMandelaBayInBook,
  title = {Nelson Mandela Bay},
  author = {Joubert, J. W.},
  chapter = {74},

  crossref = {MATSimBook},
  owner = {jfriese},
  timestamp = {2016.03.29}
}

@InCollection{Kickhoefer2015EmissionModeling,
  title = {Emission Modeling},
  author = {Kickh{\"o}fer, B.},
  chapter = {36},

  crossref = {MATSimBook},
  owner = {benjamin},
  timestamp = {2015.05.26}
}

@InCollection{Kickhoefer2015MunichInBook,
  title = {Munich},
  author = {Kickh{\"o}fer, B.},
  chapter = {58},

  crossref = {MATSimBook},
  owner = {benjamin},
  timestamp = {2015.05.26}
}

@InCollection{KickhoeferNagel2015EconomicEval,
  title = {Microeconomic Interpretation of {MATS}im for Benefit-Cost Analysis},
  author = {Kickh{\"o}fer, B. and Nagel, K.},
  chapter = {51},

  crossref = {MATSimBook},
  owner = {benjamin},
  timestamp = {2015.05.26}
}

@InCollection{KickhoeferEtAl2015SantiagoInBook,
  title = {Santiago de {C}hile},
  author = {Kickh{\"o}fer, B. and Tirachini, A.},
  chapter = {84},

  crossref = {MATSimBook},
  owner = {benjamin},
  timestamp = {2016.02.10}
}

@InCollection{KluepfelLaemmel2015HamburgWilhelmsburgInBook,
  title = {Hamburg Wilhelmsburg},
  author = {Kl{\"u}pfel, H. and L{\"a}mmel, G.},
  chapter = {71},

  crossref = {MATSimBook},
  owner = {jfriese},
  timestamp = {2016.03.29}
}

@InCollection{Laemmel2015PadangInBook,
  title = {Padang},
  author = {L{\"a}mmel, G.},
  chapter = {76},

  crossref = {MATSimBook},
  owner = {jfriese},
  timestamp = {2016.03.29}
}

@InCollection{LaemmelDoblerKluepfer2015EvacuationPlanningInBook,
  title = {Evacuation Planning: An Integrated Approach},
  author = {L{\"a}mmel, G. and Dobler, C. and Kl{\"u}pfel, H.},
  chapter = {41},

  crossref = {MATSimBook},
  owner = {jfriese},
  timestamp = {2016.03.24}
}

@InCollection{LeeAli2015SeoulInBook,
  title = {Seoul},
  author = {Lee, S. and Ali, A.},
  chapter = {86},

  crossref = {MATSimBook},
  owner = {jfriese},
  timestamp = {2016.03.29}
}

@InCollection{Maciejewski2015DVRPInBook,
  title = {Dynamic Transport Services},
  author = {Maciejewski,M.},
  chapter = {23},

  crossref = {MATSimBook},
  owner = {jbischoff},
  timestamp = {2016.01.06}
}

@InCollection{MaciejewskiWalerjanczyk2015PoznanInBook,
  title = {Poznan},
  author = {Maciejewski, M. and Walerjanczyk, W.},
  chapter = {79},

  crossref = {MATSimBook},
  owner = {jfriese},
  timestamp = {2016.03.29}
}

@InCollection{McArdleEtAl2015DublinInBook,
  title = {Dublin},
  author = {McArdle, G. and Furey, E. and Lawlor, A. and Pozdnoukhov, A.},
  chapter = {67},

  crossref = {MATSimBook},
  owner = {jfriese},
  timestamp = {2016.03.29}
}

@InCollection{Nagel2015FreightChainsTravelDiariesInBook,
  title = {freightChainsFromTravelDiaries},
  author = {Nagel, K.},
  chapter = {26},

  crossref = {MATSimBook},
  owner = {jfriese},
  timestamp = {2016.03.22}
}

@InCollection{Nagel2015MatrixBasedRouterInBook,
  title = {Matrix-Based pt router},
  author = {Nagel, K.},
  chapter = {20},

  crossref = {MATSimBook},
  owner = {jfriese},
  timestamp = {2016.03.17}
}

@InCollection{Nagel2015MatsimUrbanSimInBook,
  title = {MATSim4UrbanSim},
  author = {Nagel, K.},
  chapter = {42},

  crossref = {MATSimBook},
  owner = {jfriese},
  timestamp = {2016.03.24}
}

@InCollection{Nagel2015ExperiencesComputationalPerformanceImproventsInBook,
  title = {Other Experiences with Computational Performance Improvements},
  author = {Nagel, K.},
  chapter = {40},

  crossref = {MATSimBook},
  owner = {jfriese},
  timestamp = {2016.03.24}
}

@InCollection{Nagel2015RoadPricingInBook,
  title = {Road Pricing},
  author = {Nagel, K.},
  chapter = {15},

  crossref = {MATSimBook},
  owner = {jfriese},
  timestamp = {2016.03.17}
}

@InCollection{Nagel2015SeattleRegionInBook,
  title = {Seattle Region},
  author = {Nagel, K.},
  chapter = {85},

  crossref = {MATSimBook},
  owner = {jfriese},
  timestamp = {2016.03.29}
}

@InCollection{Nagel2015SocnetgenInBook,
  title = {Socnetgen},
  author = {Nagel, K.},
  chapter = {29},

  crossref = {MATSimBook},
  owner = {jfriese},
  timestamp = {2016.03.22}
}

@InCollection{Nagel2015AnalysisContributionInBook,
  title = {The Analysis Contribution},
  author = {Nagel, K.},
  chapter = {38},

  crossref = {MATSimBook},
  owner = {jfriese},
  timestamp = {2016.03.24}
}

@InCollection{Nagel2015NetworkEditorContribution,
  title = {The Network Editor Contribution},
  author = {Nagel, K.},
  chapter = {10},

  crossref = {MATSimBook},
  owner = {jfriese},
  timestamp = {2016.03.17}
}

@InCollection{NagelAxhausen2015HistoryMatsimInBook,
  title = {Some History of {MATS}im},
  author = {Nagel, K. and Axhausen, K. W.},
  chapter = {46},

  crossref = {MATSimBook},
  owner = {jfriese},
  timestamp = {2016.03.24}
}

@InCollection{NagelEtAl2015ResearchAvenues,
  title = {Research Avenues},
  author = {Nagel, K. and Axhausen, K. W. and Kickh{\"o}fer, B. and Horni, A.},
  chapter = {97},

  crossref = {MATSimBook},
  owner = {benjamin},
  timestamp = {2015.05.26}
}

@InCollection{NagelFloetteroed2015AgentBasedTrafficAssigmentInBook,
  title = {Agent-Based Traffic Assignment},
  author = {Nagel, K. and Fl{\"o}tter{\"o}d, G.},
  chapter = {47},

  crossref = {MATSimBook},
  owner = {jfriese},
  timestamp = {2016.03.24}
}

@InCollection{NagelHorni2015DiscontinuedModulesInBook,
  title = {Discontinued Modules},
  author = {Nagel, K. and Horni, A.},
  chapter = {43},

  crossref = {MATSimBook},
  owner = {jfriese},
  timestamp = {2016.03.24}
}

@InCollection{NagelEtAl2015ScoringInBook,
  title = {A Closer Look at Scoring},
  author = {Nagel, K. and Kickh{\"o}fer, B. and Horni, A. and Charypar, D.},
  chapter = {3},

  crossref = {MATSimBook},
  owner = {benjamin},
  timestamp = {2015.05.26}
}

@InCollection{NagelZilskeFloetteroed2015CaDyTSInBook,
  title = {{CaDyTS}: {C}alibration of {Dy}namic {T}raffic {S}imulations},
  author = {Nagel, K. and Zilske, M. and Fl{\"o}tter{\"o}d, G.},
  chapter = {32},

  crossref = {MATSimBook},
  owner = {jfriese},
  timestamp = {2016.03.24}
}

@InCollection{Neumann2015BVGScenarioInBook,
  title = {Berlin I: BVG Scenario},
  author = {Neumann, A},
  chapter = {53},

  crossref = {MATSimBook},
  owner = {jfriese},
  timestamp = {2016.03.24}
}

@InCollection{NeumannJoubert2015MinibusContributionInBook,
  title = {The Minibus Contribution},
  author = {Neumann, A and Joubert, J. W.},
  chapter = {17},

  crossref = {MATSimBook},
  owner = {jfriese},
  timestamp = {2016.03.17}
}

@InCollection{NeumannZilske2015MatsimJosmNetworkEditor,
  title = {MATSim JOSM Network Editor},
  author = {Neumann, A. and Zilske, M.},
  chapter = {8},

  crossref = {MATSimBook},
  owner = {jfriese},
  timestamp = {2016.03.17}
}

@InCollection{OnelcinMutluAlver2015AliagaInBook,
  title = {Aliaga},
  author = {Onelcin, P. and Mutlu, M. M. and Alver, Y.},
  chapter = {60},

  crossref = {MATSimBook},
  owner = {jfriese},
  timestamp = {2016.03.29}
}

@InCollection{Ordonez2015MapMatchingSingapureInBook,
  title = {Map-to-Map Matching Editors in Singapore},
  author = {Ord{\'o}{\~n}ez, S. A.},
  chapter = {9},

  crossref = {MATSimBook},
  owner = {jfriese},
  timestamp = {2016.03.17}
}

@InCollection{Ordonez2015NewDynamicEventsPublicTransportRouter,
  title = {New Dynamic Events-Based Public Transport Router},
  author = {Ord{\'o}{\~n}ez, S. A.},
  chapter = {19},

  crossref = {MATSimBook},
  owner = {jfriese},
  timestamp = {2016.03.17}
}

@InCollection{Ordonez2015SemiAutomaticToolBusRouteMapMatching,
  title = {Semi-Automatic Tool for Bus Route Map Matching},
  author = {Ord{\'o}{\~n}ez, S. A.},
  chapter = {18},

  crossref = {MATSimBook},
  owner = {jfriese},
  timestamp = {2016.03.17}
}

@InCollection{PadghamSingh2015MatsimAgentsBeliefDesireIntentionFrameworkInBook,
  title = {Making {MATS}im Agents Smarter with the {B}elief-{D}esire-{I}ntention Framework},
  author = {Padgham, L. and Singh, D.},
  chapter = {31},

  crossref = {MATSimBook},
  owner = {jfriese},
  timestamp = {2016.03.24}
}

@InCollection{PicornellLenormand2015BarcelonaInBook,
  title = {Barcelona},
  author = {Picornell, M. and Lenormand, M.},
  chapter = {62},

  crossref = {MATSimBook},
  owner = {jfriese},
  timestamp = {2016.03.29}
}

@InCollection{PozdnoukhovEtAl2015SanFranciscoSmartBayProjektInBook,
  title = {San Francisco Bay Area: The SmartBay Project - Connected Mobility},
  author = {Pozdnoukhov, A. and Campbell, A. and Feygin, S. and Yin, M. and Mohanty, S.},
  chapter = {83},

  crossref = {MATSimBook},
  owner = {jfriese},
  timestamp = {2016.03.29}
}

@InCollection{Rieser2015PublicTransportMatsim,
  title = {Modeling Public Transport with MATSim},
  author = {Rieser, M.},
  chapter = {16},

  crossref = {MATSimBook},
  owner = {jfriese},
  timestamp = {2016.03.17}
}

@InCollection{Rieser2015SenozonViaInBook,
  title = {Senozon Via},
  author = {Rieser, M.},
  chapter = {33},

  crossref = {MATSimBook},
  owner = {jfriese},
  timestamp = {2016.03.24}
}

@InCollection{Rieser2015SochiInBook,
  title = {Sochi},
  author = {Rieser, M.},
  chapter = {88},

  crossref = {MATSimBook},
  owner = {jfriese},
  timestamp = {2016.03.29}
}

@InCollection{RieserEtAl2015GetStartedInBook,
  title = {Let's Get Started},
  author = {Rieser, M. and Horni, A. and Nagel, K.},
  chapter = {2},

  crossref = {MATSimBook},
  owner = {jfriese},
  timestamp = {2016.03.15}
}

@InCollection{RieserHorniNagel2015OrganizationProcessStructureContributingInBook,
  title = {Organization: Development Process, Code Structure and Contributing to MATSim},
  author = {Rieser, M. and Horni, A. and Nagel, K.},
  chapter = {44},

  crossref = {MATSimBook},
  owner = {jfriese},
  timestamp = {2016.03.24}
}

@InCollection{RieserHorniNagel2015ScenariosOverviewInBook,
  title = {Scenarios Overview},
  author = {Rieser, M. and Horni, A. and Nagel, K.},
  chapter = {52},

  crossref = {MATSimBook},
  owner = {jfriese},
  timestamp = {2016.03.24}
}

@InCollection{RieserSchuesslerEtAl2015ZuerichInBook,
  title = {Z{\"u}rich},
  author = {Rieser-Sch{\"u}ssler, N. and B{\"o}sch, P. M. and Horni, A. and Balmer, M.},
  chapter = {56},

  crossref = {MATSimBook},
  owner = {jfriese},
  timestamp = {2016.03.29}
}

@InCollection{Roeder2015BrusselsInBook,
  title = {Brussels},
  author = {R{\"o}der, D.},
  chapter = {64},

  crossref = {MATSimBook},
  owner = {jfriese},
  timestamp = {2016.03.29}
}

@InCollection{Ronald2015YarrawongaMulwalaTransportationVictoriaInBook,
  title = {{Yarrawonga and Mulwala: Demand-Responsive Transportation in Regional Victoria, Australia}},
  author = {Ronald, N.},
  chapter = {95},

  crossref = {MATSimBook},
  owner = {jfriese},
  timestamp = {2016.03.31}
}

@InCollection{SaadiTellerCools2015BelgiumMatsimRiverFloodsInBook,
  title = {Belgium: The Use of MATSim within an Estimation Framework for Assessing Economic Impacts of River Floods},
  author = {Saadi, I. and Teller, J. amd Cools, M.},
  chapter = {63},

  crossref = {MATSimBook},
  owner = {jfriese},
  timestamp = {2016.03.29}
}

@InCollection{SaprykinSaprykinaMikheeva2015SamaraInBook,
  title = {Samara},
  author = {Saprykin, O. and Saprykina, O. and Mikheeva, T.},
  chapter = {82},

  crossref = {MATSimBook},
  owner = {jfriese},
  timestamp = {2016.03.29}
}

@InCollection{SerrasEtAl2015LondonInBook,
  title = {London},
  author = {Serras, J. and Bosredon, M. and Zachariadis, V. and Vargas-Ruiz, C. and Dubernet, T. and Batty, M.},
  chapter = {73},

  crossref = {MATSimBook},
  owner = {jfriese},
  timestamp = {2016.03.29}
}

@InCollection{Srippgen2015OTFVisInBook,
  title = {OTFVis: MATSim's Open-Source Visualizer},
  author = {Strippgen, D.},
  chapter = {34},

  crossref = {MATSimBook},
  owner = {jfriese},
  timestamp = {2016.03.24}
}

@InCollection{Waraich2015ParkingInBook,
  title = {Parking},
  author = {Waraich, R. A.},
  chapter = {13},

  crossref = {MATSimBook},
  owner = {jfriese},
  timestamp = {2016.03.17}
}

@InCollection{WaraichBischoff2015EVInBook,
  title = {Electric Vehicles},
  author = {Waraich, R. A. AND Bischoff, J.},
  chapter = {14},

  crossref = {MATSimBook},
  owner = {jbischoff},
  timestamp = {2016.01.06}
}

@InCollection{WeissKucireckHabib2015TorontoInBook,
  title = {Toronto},
  author = {Weiss, A. and Kucireck, P. and Habib, K. H.},
  chapter = {93},

  crossref = {MATSimBook},
  owner = {jfriese},
  timestamp = {2016.03.31}
}

@InCollection{YamagataSeyaMurakami2015YokohamaMatsimApplicationResilientUrbanDesignInBook,
  title = {Yokohama: MATSim Application for Resilient Urban Design},
  author = {Yamagata, Y. and Seya, H. and Murakami, D.},
  chapter = {96},

  crossref = {MATSimBook},
  owner = {jfriese},
  timestamp = {2016.03.31}
}

@InCollection{Yaneza2015PhilippinesSimulationDisasterReponseVehiclesInBook,
  title = {The Philippines: Agent-Based Transport Simulation Model for Disaster Response Vehicles},
  author = {Yaneza, E. B.},
  chapter = {78},

  crossref = {MATSimBook},
  owner = {jfriese},
  timestamp = {2016.03.29}
}

@InCollection{Zhang2015ShanghaiInBook,
  title = {Shanghai},
  author = {Zhang, L.},
  chapter = {87},

  crossref = {MATSimBook},
  owner = {jfriese},
  timestamp = {2016.03.29}
}

@InCollection{ZhugeShao2015BaodingNewFunctionMatsimInBook,
  title = {Baoding: A Case Study for Testing a New Household Utility Function in MATSim},
  author = {Zhuge, C. and Shao, C.},
  chapter = {61},

  crossref = {MATSimBook},
  owner = {jfriese},
  timestamp = {2016.03.29}
}

@InCollection{Ziemke2015AccessibilityInBook,
  title = {Accessibility},
  author = {Ziemke, D.},
  chapter = {35},

  crossref = {MATSimBook},
  owner = {dziemke},
  timestamp = {2016.01.06}
}

@InCollection{Ziemke2015CEMDAPMatsimCadytsScenarioInBook,
  title = {Berlin II: CEMDAP-MATSim-Cadyts Scenario},
  author = {Ziemke, D.},
  chapter = {54},

  crossref = {MATSimBook},
  owner = {jfriese},
  timestamp = {2016.03.24}
}

@InCollection{Zilske2015ExtensionsPossiblyContributeMatsimInBook,
  title = {How to Write Your Own Extensions and Possibly Contribute Them to MATSim},
  author = {Zilske, M.},
  chapter = {45},

  crossref = {MATSimBook},
  owner = {jfriese},
  timestamp = {2016.03.24}
}

@InCollection{ZilskeJoubert2015FreightTrafficInBook,
  title = {Freight Traffic},
  author = {Zilske, M. and Joubert, J. W.},
  chapter = {24},

  crossref = {MATSimBook},
  owner = {jfriese},
  timestamp = {2016.03.22}
}

@InCollection{InitialMatsimInput2015InBook,
  title = {Generation of the Initial MATSim Input},
  chapter = {7},

  crossref = {MATSimBook},
  owner = {jfriese},
  timestamp = {2016.03.17}
}

@InCollection{DataContainers2015InBook,
  title = {MATSim Data Containers},
  chapter = {6},

  crossref = {MATSimBook},
  owner = {jfriese},
  timestamp = {2016.03.15}
}

@InCollection{Qsim2015InBook,
  title = {QSim},
  chapter = {11},

  crossref = {MATSimBook},
  owner = {jfriese},
  timestamp = {2016.03.17}
}

@Book{MATSimBook,
  title     = {The Multi-Agent Transport Simulation {MATS}im},
  publisher = {Ubiquity, London},
  year      = {2016},
  editor    = {Horni, A. and Nagel, K. and Axhausen, K. W.},
  booktitle = {The Multi-Agent Transport Simulation {MATS}im},
  comment   = {no url when doi is given. kai, may'18},
  doi       = {10.5334/baw},
  file      = {:/Users/kainagel/shared-svn/documents/inputs/database/2016/MATSimBook.pdf:PDF},
  optauthor = {Horni, A. and Nagel, K. and Axhausen, K. W.},
  optnote   = {Also see \url{http://matsim.org/the-book}},
  opturl    = {http://matsim.org/the-book},
  owner     = {benjamin},
  timestamp = {2015.05.26},
}

@Comment{jabref-meta: databaseType:bibtex;}

@Comment{jabref-meta: protectedFlag:true;}

@Comment{jabref-meta: saveActions:enabled;
date[normalize_date]
pages[normalize_page_numbers]
month[normalize_month]
;}

@Comment{jabref-meta: saveOrderConfig:specified;author;false;year;false;title;false;}
